<record><leader>00000cas a2200000 a 4500</leader><controlfield tag="001">680336622</controlfield><controlfield tag="008">101110d19181923orudr ne      0    0eng c</controlfield><controlfield tag="009">3012</controlfield><datafield ind1=" " ind2=" " tag="010"><subfield code="a">  2010260202</subfield></datafield><datafield ind1=" " ind2=" " tag="040"><subfield code="a">ORU</subfield><subfield code="b">eng</subfield><subfield code="c">ORU</subfield><subfield code="d">ORU</subfield></datafield><datafield ind1=" " ind2=" " tag="042"><subfield code="a">pcc</subfield></datafield><datafield ind1=" " ind2=" " tag="043"><subfield code="a">n-us-or</subfield></datafield><datafield ind1="0" ind2=" " tag="130"><subfield code="a">Pendleton tribune (1918)</subfield></datafield><datafield ind1="1" ind2="4" tag="245"><subfield code="a">The Pendleton tribune.</subfield></datafield><datafield ind1=" " ind2=" " tag="260"><subfield code="3">Dec. 22, 1918-June 25, 1920:</subfield><subfield code="a">Pendleton, Or. :</subfield><subfield code="b">The Tribune Co.,</subfield><subfield code="c">[1918-1923]</subfield></datafield><datafield ind1="2" ind2=" " tag="260"><subfield code="3">June 27, 1920-Nov. 18, 1922:</subfield><subfield code="a">Pendleton, Or. :</subfield><subfield code="b">Harry L. Kuck</subfield></datafield><datafield ind1="3" ind2=" " tag="260"><subfield code="3">Nov. 24, 1922-May 30, 1923:</subfield><subfield code="a">Pendleton, Or. :</subfield><subfield code="b">Kuck Publishing Co.</subfield></datafield><datafield ind1=" " ind2=" " tag="300"><subfield code="a">v.</subfield></datafield><datafield ind1=" " ind2=" " tag="310"><subfield code="a">Daily</subfield></datafield><datafield ind1="1" ind2=" " tag="362"><subfield code="a">Began with vol. 59, no. 147 (Dec. 22, 1918); ceased with vol. 44, no. 875 (May 30, 1923).</subfield></datafield><datafield ind1=" " ind2=" " tag="515"><subfield code="a">Frequent irregularities in numbering.</subfield></datafield><datafield ind1=" " ind2=" " tag="525"><subfield code="a">Has special editions published in September each year during the Pendleton Round-up titled: Pendleton tribune, Round-up souvenir edition.</subfield></datafield><datafield ind1=" " ind2=" " tag="588"><subfield code="a">Description based on: Vol. 59, no. 147 (Dec. 22, 1918); title from masthead.</subfield></datafield><datafield ind1=" " ind2=" " tag="588"><subfield code="a">Latest issue consulted: Vol. 44, no. 875 (May 30, 1923).</subfield></datafield><datafield ind1=" " ind2="4" tag="651"><subfield code="a">Pendleton (Or.)</subfield><subfield code="v">Newspapers.</subfield></datafield><datafield ind1="0" ind2="2" tag="740"><subfield code="a">Pendleton tribune, Round-up souvenir edition.</subfield></datafield><datafield ind1=" " ind2=" " tag="752"><subfield code="a">United States</subfield><subfield code="b">Oregon</subfield><subfield code="c">Umatilla</subfield><subfield code="d">Pendleton.</subfield></datafield><datafield ind1="0" ind2=" " tag="775"><subfield code="t">Weekly tribune (Pendleton, Or.)</subfield><subfield code="w">(DLC)  2010260203</subfield><subfield code="w">(OCoLC)680350786</subfield></datafield><datafield ind1="0" ind2="0" tag="780"><subfield code="t">Evening tribune (Pendleton, Or.)</subfield><subfield code="w">(DLC)sn 93063610</subfield><subfield code="w">(OCoLC)28173488</subfield></datafield></record>